2909 4867
605 696 837 826 ιιιιιιιί
885 752 931 824 ιι

656 959 869 979 m

469 1118 799 1188 servitutum
832 1117 1071 1188 cartrutt.

223 1244 253 1306 1.
275 1237 455 1317 Scytharum
463 1257 548 1321 origo
559 1252 589 1303 et
596 1244 768 1324 antiquatas,
783 1245 819 1305 de
835 1265 893 1325 qua
905 1265 973 1305 cum
981 1233 1136 1343 Aegyptiis
1145 1243 1341 1305 contendunt.

114 1369 117 1378 .
150 1372 157 1399 ,
222 1332 255 1393 2.
278 1324 445 1424 Descriptio
464 1327 614 1407 Scythiae,
627 1340 656 1389 et
668 1352 788 1392 morum
802 1331 912 1410 gentis,
934 1350 1010 1410 quae
1024 1331 1058 1390 iu
1071 1331 1215 1412 plaustris
1230 1330 1341 1418 degens
1411 1369 1413 1378 »

277 1408 422 1472 iustitiam
436 1413 510 1472 colit
524 1423 554 1473 ct
567 1416 791 1475 continentiam.

221 1496 253 1560 3.
276 1494 458 1574 Scytharum
472 1499 622 1561 fortitudo
640 1501 757 1561 bellica.
783 1500 949 1583 Aegyptios
965 1502 1080 1582 fugant,
1103 1487 1262 1581 Asiamque
1271 1501 1342 1567 ted

279 1580 357 1640 dunt
368 1581 567 1646 tributariam.

222 1665 255 1732 4.
277 1665 462 1726 Amazonum
476 1691 494 1726 a
507 1668 632 1749 Scythis
647 1669 741 1748 origo,
762 1670 893 1749 reginae,
914 1690 963 1731 res
975 1679 1083 1749 gestae.

222 1751 253 1817 6.
276 1751 393 1832 Bellum
406 1752 588 1840 Scytharum
606 1755 749 1836 advertus
767 1777 881 1833 servos,
910 1777 985 1835 quos
1008 1756 1110 1837 lapido
1133 1764 1365 1834 strategemate,
1448 1799 1449 1804 ι

274 1825 477 1986 {eppimuntf
496 1841 604 1918 Darius
624 1840 764 1921 Scythis,
794 1804 903 1904 deiude
920 1841 1042 1902 ionibus
1056 1851 1088 1902 et
1102 1841 1340 1914 Atheniensibus

300 1944 314 1981 e
339 1943 388 1981 um
403 1945 436 1982 ιιι
450 1934 504 1987 ert

185 2023 188 2028 ‘
222 2012 253 2074 6
275 2006 508 2068 Atheniensium
517 2010 608 2089 origo,
629 2011 779 2089 gloriatio,
800 2009 959 2088 industria,
980 2019 1071 2085 artes,
1092 2031 1185 2090 reges.
1278 2010 1282 2016 ’

106 2123 111 2134 ’
221 2093 652 2173 7.RcspublicaAthenientis
666 2098 785 2158 Solonis
798 2099 925 2177 legibus,
946 2104 977 2157 ct
989 2096 1118 2178 politico
1133 2105 1340 2176 strategemate
1432 2123 1449 2132 Γ

277 2178 406 2240 firmata.

127 2327 131 2340 ,
222 2266 254 2330 8.
274 2263 448 2325 Pisistratus
463 2273 532 2344 post
543 2287 605 2325 rem
616 2266 694 2327 bene
709 2276 822 2346 gestam
835 2277 941 2329 contra
946 2267 1133 2348 Megarenses
1146 2251 1340 2347 tyrannidem

126 2355 129 2358 ’
147 2407 150 2426 .
276 2370 332 2429 per
347 2370 441 2409 annos
455 2349 579 2429 triginta
591 2361 650 2412 tres
662 2362 800 2434 occupat.

179 2449 196 2502 ι’,
222 2437 254 2502 9.
274 2435 414 2495 Eiusdem
433 2435 513 2498 filius
531 2436 658 2518 Hippias
683 2440 778 2517 patria
799 2438 918 2519 pulsus,
940 2438 1097 2512 Persarum
1119 2437 1286 2528 exercitum
1303 2437 1339 2495 in

182 2529 186 2536 '
280 2520 437 2584 Graeciam
453 2521 588 2584 adduxit
610 2522 683 2586 lude
696 2523 805 2584 nobilis
819 2523 872 2581 illa
885 2522 1072 2583 Marathonia
1091 2543 1202 2605 pugna,
1223 2525 1258 2582 in
1278 2543 1339 2602 qua

94 2647 116 2664 ..
179 2642 193 2680 .·
276 2605 353 2665 victi
366 2606 479 2682 Persae,
501 2605 695 2668 Athenienses
706 2610 838 2668 victores
852 2608 929 2667 duce
944 2607 1087 2668 Miltiade
1131 2641 1132 2644 ¹

137 2687 140 2696 “
192 2694 254 2758 110.
276 2689 441 2750 Discidium
453 2693 615 2752 fraternum
628 2694 665 2752 de
678 2714 771 2771 regno
784 2694 864 2751 inter
876 2693 958 2753 Darii
974 2692 1063 2752 filios.
1088 2694 1205 2754 Xerxes
1225 2692 1339 2752 benum

220 2795 222 2802 ’
276 2776 420 2838 adversus
436 2777 566 2836 Graecos
584 2779 733 2837 instaurat
746 2778 929 2837 validissimo
947 2779 1091 2839 exercitu.

204 2866 254 2946 11.
278 2860 438 2921 Fortitudo
455 2864 682 2941 Spartanorum,
704 2883 831 2940 quorum
841 2884 898 2923 rex
911 2863 1058 2924 Leonidas
1074 2865 1179 2923 Persas
1193 2862 1232 2922 ad
1243 2861 1338 2929 Ther-

98 2939 109 2960 '
214 3003 219 3013 ,
277 2946 414 3026 mopylas
428 2947 556 3006 maxima
577 2949 661 3007 clade
676 2949 779 3012 afficit.

202 3037 253 3099 12.
275 3030 482 3091 Themistoclis
498 3031 647 3094 industria
662 3036 818 3093 Persarum
831 3032 933 3096 classis
951 3032 988 3092 ad
1009 3032 1204 3093 Salaminium
1224 3033 1338 3091 fretum

178 3179 182 3198 .
279 3109 380 3176 nav'ali
392 3118 506 3197 proelio
522 3119 615 3192 victa,
639 3129 709 3199 post
722 3121 848 3180 multam
863 3128 990 3197 stragem
1004 3120 1073 3196 fuga
1089 3119 1146 3180 sihi
1161 3118 1301 3177 consulit.

99 3209 101 3216 ’
201 3204 255 3270 13.
268 3201 434 3268 Mardonia
446 3204 597 3264 terrestris
614 3204 767 3266 exercitus
783 3203 964 3264 commissus.
998 3205 1114 3263 Xerxes
1132 3223 1216 3282 aegre
1235 3202 1339 3262 evadit

153 3303 176 3370 J
259 3287 439 3368 piscatoria
452 3287 575 3369 scapha.
607 3289 750 3352 Eiusdem
764 3289 912 3373 pedestris
927 3289 1078 3349 exercitus
1091 3288 1335 3364 fameobruitur5
1375 3337 1378 3348 .
1449 3295 1450 3356 s

240 3372 360 3432 unde
373 3393 453 3434 nova
468 3372 578 3436 clades.

202 3419 253 3524 14.
275 3457 492 3535 Mardonius,
483 3480 515 3518 ιιι
530 3460 654 3520 Boeotia
667 3459 705 3519 ad
717 3460 850 3520 Plataeas
865 3477 933 3518 cum
945 3458 1040 3520 Persis
1055 3478 1072 3518 a
1086 3458 1273 3518 Graecorum
1286 3479 1337 3517 co.
1405 3465 1409 3480 '

277 3542 337 3625 piis
350 3544 458 3619 victus,
483 3564 552 3604 cum
565 3545 669 3625 paucis
679 3544 824 3625 profugit.
858 3545 972 3604 Eodem
986 3546 1048 3605 iere
1062 3553 1214 3624 momento
1230 3545 1338 3604 adver·

276 3649 326 3687 sus
339 3629 442 3688 Persas
460 3627 493 3688 in
510 3629 577 3688 Asia
594 3631 722 3691 feliciter
737 3632 910 3691 dimicatum
928 3639 982 3690 est.

200 3713 252 3781 15.
272 3712 481 3788 Athenienses,
502 3717 657 3796 Spartanis
676 3716 810 3793 delusisp
828 3715 933 3789 urbem
952 3734 992 3775 ex
1016 3711 1132 3791 integro
1154 3712 1344 3776 instaurant.

272 3799 415 3878 Spartani
430 3800 583 3861 Persarum
602 3801 676 3868 fines
695 3801 929 3882 depopulantur.
971 3799 1131 3859 Pausanias
1152 3801 1336 3880 proditionis

230 3961 233 3974 Ι
275 3903 344 3943 reus
359 3884 531 3948 damnatur·
577 3888 695 3948 Xerxes
710 3908 729 3945 a
746 3888 869 3947 Cimone
881 3885 1020 3948 terrestri
1041 3885 1202 3966 navalique
1217 3887 1342 3968 proelio

275 3978 448 4050 superatur.
489 4029 492 4036 ,
