2909 4867
159 324 223 396 614
343 343 421 418 [ι
494 365 501 392 ‚
594 315 881 416 IUSTIle

130 513 140 536 “
213 494 406 598 grantibus
429 494 557 568 dunen
582 501 719 565 tantum
742 493 866 567 deesse
873 516 887 575 ,·
912 502 947 566 et
968 492 1117 565 italiam
1140 495 1312 564 notiorem

214 602 282 675 eibi
299 587 409 690 nunc,
433 619 543 696 quem
551 599 699 693 pridem
703 599 856 694 fuisset:
880 600 1023 669 sednec
1049 598 1312 691 Carthaginem

215 706 432 804 quieturum,
456 704 658 796 eodemque
670 724 709 772 se
723 702 757 771 ei
770 703 845 772 sine
858 714 965 771 mora
975 701 1235 796 praebituram,
1291 766 1300 789 ἶ
1316 758 1318 762 ,

167 823 186 890 1
266 806 355 880 Car.
380 804 443 879 lv.
475 806 591 894 Quum
604 805 680 897 regi
691 806 831 875 consiliu
845 806 1057 897 placuissent,
1073 805 1213 874 mittitur
1226 803 1313 874 Car-

213 910 393 1006 thaginem
405 931 490 979 nnus
503 931 545 979 ex
561 909 739 980 comitibus
752 910 969 995 Hannibalis,
987 908 1092 1000 quiin
1105 907 1236 976 bellum
1250 931 1314 980 cu-

213 1016 316 1112 pidos
341 1013 521 1101 hortetur,
538 1011 848 1105 Hannibalemque
872 1035 952 1082 eum
972 1013 1083 1105 copiis
1101 1010 1313 1105 adfuturum

214 1119 361 1192 nuntiet:
383 1117 491 1202 nihil,
516 1116 625 1204 dicat,
646 1114 831 1209 partibus,
856 1117 925 1186 nisi
946 1117 1082 1185 animos
1113 1115 1314 1209 Carthagi·
1385 1095 1408 1140 '⁵

214 1222 386 1303 niensium
398 1222 538 1293 deesset
561 1219 689 1292 Asiam
709 1226 745 1288 et
759 1220 853 1290 vires
866 1219 950 1289 beili
964 1227 998 1289 et
1011 1226 1189 1311 cumptum
1196 1241 1313 1313 prue-

166 1336 189 1400 2
216 1325 382 1400 diturum.
433 1323 533 1396 Haec
547 1346 652 1415 quum
670 1323 801 1415 perlata
818 1323 1059 1417 Carthaginem
1077 1333 1201 1407 essent,
1226 1345 1315 1391 nun-

215 1429 373 1521 tiusipsc
394 1428 437 1503 ab
456 1427 597 1520 inimicis
621 1425 819 1498 Hannibalis
839 1425 1155 1519 comprehenditur,
1182 1434 1216 1495 et
1231 1449 1315 1517 per-

216 1534 338 1605 ductus
351 1533 386 1600 in
401 1540 552 1601 senatum
567 1534 673 1621 qn'nm
693 1531 974 1624 interrogaretur,
1000 1530 1053 1598 ad
1066 1552 1170 1622 quau
1189 1531 1315 1601 missua
1391 1589 1398 1606 ,

218 1643 326 1726 esset,
350 1636 477 1726 punico
490 1635 627 1726 ingenio
641 1633 834 1730 respondit,
859 1657 899 1704 se
913 1634 966 1702 ad
986 1635 1186 1728 unicornem
1208 1654 1315 1702 sena-

217 1746 291 1812 tum
304 1740 467 1814 missum:
491 1760 557 1811 nec
581 1737 673 1806 enim
693 1737 866 1831 hocopus
884 1735 1217 1831 singulorum,'eed
1235 1736 1315 1805 nni-

157 1853 189 1920 8
218 1864 401 1914 umectum
423 1864 535 1918 eene.
557 1839 651 1909 Dmn
669 1840 783 1911 multis
806 1840 925 1910 diebus
949 1841 1152 1927 deliberant,
1177 1863 1220 1907 an
1237 1821 1316 1914 eum
1423 1883 1428 1892 -

218 1947 366 2015 Romam
388 1945 434 2016 ad
463 1943 679 2037 purgandam
705 1944 881 2035 publicam
909 1943 1145 2014 conscientiam
1174 1943 1315 2027 mittant,

217 2031 341 2122 tacitus
355 2071 536 2120 conscensa
550 2071 635 2118 nave
648 2046 694 2117 ad
707 2048 934 2118 Hannibalem
952 2047 1142 2117 revertitur:
1168 2068 1236 2135 quo
1253 2068 1317 2117 ca-
1406 2109 1410 2113 ,

95 2175 98 2184 ·
218 2153 334 2246 guito,
361 2151 657 2245 Carthaginienses
680 2150 787 2222 ultro
802 2173 874 2220 rem
895 2151 1043 2220 Romam
1071 2172 1136 2241 per
1163 2149 1317 2240 legatum

80 2286 82 2294 ’
168 2263 190 2335 4
218 2256 382 2327 deferunt.
433 2254 580 2324 Romani
600 2274 737 2346 quoqne
752 2253 795 2322 ad
810 2254 1018 2326 Antiochum
1040 2254 1172 2346 legatos
1186 2254 1318 2337 misere,

137 2396 141 2402 ·
217 2361 277 2450 qui
293 2359 355 2451 sub
371 2358 483 2449 specie
498 2358 695 2451 legationis,
721 2365 757 2426 et
768 2358 860 2449 regis
876 2367 1087 2466 apparatum·
1099 2358 1317 2448 specularen-

216 2474 289 2546 tur,
316 2472 350 2532 et
364 2461 587 2531 Hannibalem
609 2471 666 2529 aut
682 2460 845 2530 Romanis
868 2456 1076 2555 mitigarent,
1103 2468 1160 2528 aut
1182 2459 1316 2530 assiduo

169 2571 203 2646 6
219 2564 400 2670 colloquio
415 2564 636 2659 suspectum
623 2563 836 2655 mvisumqne
859 2565 934 2658 regi
956 2563 1148 2633 redderent
1198 2539 1318 2653 ltaque

217 2667 325 2761 legati
339 2689 442 2758 quum
456 2665 589 2760 Ephesi
601 2668 831 2740 convenissent
845 2665 891 2736 ad
905 2665 1133 2753 Antiochum,
1158 2666 1318 2758 mandata
1357 2737 1361 2745 ,

170 2779 191 2848 8
221 2772 253 2841 ei
266 2781 396 2840 senatus
410 2768 555 2842 tradunt
605 2770 698 2840 Dum
712 2765 912 2863 reiponsnm
926 2779 1135 2868 exspectant,
1161 2770 1317 2838 omnibus

223 2873 343 2944 diebus
364 2872 530 2962 assidui
501 2896 591 2947 cuca
611 2874 836 2944 Hannibalem
860 2874 976 2960 fuere,
1003 2873 1169 2961 dicentes,
1194 2873 1319 2946 timide

21 3021 28 3034 «
133 3068 135 3071 y
222 2999 300 3052 curu
317 2999 342 3054 a
353 2977 481 3075 patrie
494 2978 695 3067 recessisse,
712 3000 959 3078 quumpucene
974 2971 1145 3065 Romani,
1159 2998 1228 3046 non
1242 2984 1318 3046 tom

237 3125 305 3186 Cu
322 3125 371 3186 IV
396 3125 417 3195 6
434 3126 462 3186 6
487 3130 675 3200 conuenissent
693 3130 733 3182 ed
751 3129 925 3204 Antiochum.
970 3124 1022 3179 Mic
1045 3091 1169 3181 Unrecht
1193 3123 1243 3177 bet
1267 3123 1320 3179 der

63 3208 69 3218 ’
167 3218 244 3268 tonet
261 3210 425 3270 behuteante
445 3215 570 3267 Vorrtiue
586 3229 623 3264 an
640 3212 691 3266 der
706 3196 839 3273 Latinium
856 3213 948 3268 dieser
965 3211 1049 3265 stalle
1073 3218 1186 3263 Anetoer
1202 3228 1320 3282 genom-

66 4291 102 4334 Ο

166 3313 252 3364 men,
269 3291 366 3352 indem
384 3313 415 3353 cr
432 3296 477 3351 die
494 3285 668 3369 Priiporition
684 3302 722 3352 ad
737 3298 875 3351 etreichen
893 3298 1004 3362 wolbe5
1020 3293 1147 3355 wiewohl
1164 3296 1213 3349 der
1229 3304 1320 3350 Aaou·

166 3383 236 3441 tntiu
260 3383 311 3438 der
334 3386 436 3438 Pertan
459 3383 533 3437 ohne
555 3384 727 3454 Priipatition
749 3385 956 3456 gew‘dhnliehar
973 3386 1023 3451 itt,
1044 3385 1098 3442 wie
1112 3377 1216 3452 XLIII,
1233 3386 1267 3451 8,
1284 3387 1319 3440 8:

165 3476 265 3545 ltaque
281 3484 402 3543 regem
419 3472 654 3548 Segobrigiorum‚
680 3470 841 3528 Noenum
866 3477 986 3540 nomine,
1003 3500 1039 3512 ·-
1055 3473 1205 3524 amicitiam
1222 3485 1318 3543 peten-

167 3572 210 3619 ιιι
227 3547 469 3625 conveniunt,
486 3573 531 3613 wo
548 3555 650 3625 jedoah
669 3554 743 3610 auch
762 3556 825 3612 eine
841 3558 1023 3612 flandrahriit
1039 3555 1097 3616 und
1114 3555 1244 3632 mehrere
1261 3556 1320 3612 alte

166 3643 313 3722 hungeben
330 3642 375 3700 die
391 3641 565 3713 Priiposit'ian
581 3645 618 3698 ad
634 3639 814 3714 hineuiiigen.
851 3647 928 3699 Ouid.
942 3649 1009 3700 Met
1024 3646 1088 3713 vu,
1105 3647 1174 3705 666³

332 3728 383 3783 Ae
396 3744 524 3811 regem
542 3730 674 3803 Cephalus
689 3730 816 3790 simulet
833 3733 962 3792 Pallante
979 3734 1064 3793 erenei

333 3785 565 3853 Conveniunt
581 3814 633 3856 eta.

167 3887 236 3946 Eine
253 3884 358 3940 andere
375 3885 461 3942 Stelle
479 3885 557 3942 citirt
572 3887 704 3946 Heineiue
720 3901 755 3937 uu
773 3886 852 3945 Ouid.
870 3888 947 3945 Faue.
960 3890 994 3955 11,
1011 3885 1063 3944 669
1080 3902 1129 3940 aue
1145 3883 1320 3962 Diemvre·

169 3978 237 4030 tent.
256 3975 316 4029 Lib.
329 3978 378 4027 111:
394 3954 834 4045 cunetire'geradbchiliem
853 3973 1085 4030 conveniunt
1122 3973 1237 4042 Quintil
1248 3975 1320 4029 Ιιιιι.

169 4061 212 4125 11,
228 4061 263 4128 2,
280 4060 310 4118 6ι
329 4061 424 4133 Neque
435 4078 502 4114 vera
515 4061 639 4114 accuret
658 4076 790 4113 tammum
804 4074 947 4132 praeetere
962 4062 1172 4124 abstinentiam,
1188 4060 1320 4112 niardie-

171 4145 289 4209 cr'plr'nae
311 4149 457 4202 teneritate
481 4143 788 4202 convenientium
806 4143 849 4196 ed
865 4159 901 4200 te
926 4165 1012 4203 meree
1029 4147 1216 4200 adstrinxerit·
1259 4144 1320 4197 Dee

171 4239 228 4282 vnn
244 4230 310 4284 Aba
326 4233 436 4306 Gronov
454 4228 529 4283 citet
546 4246 594 4283 aut
611 4234 674 4289 Lin.
692 4231 797 4299 XXIX,
817 4231 864 4286 10:
888 4234 1031 4304 quingenti
1039 4230 1105 4302 fere
1121 4232 1260 4289 Numidae
1275 4228 1319 4284 ad
1419 4243 1425 4256 ·

173 4328 253 4368 eum
270 4321 536 4385 convenerunt,
553 4314 642 4372 findet
656 4315 717 4374 rich
735 4335 770 4374 an
787 4307 878 4374 dieser
894 4311 979 4404 fitilla
996 4315 1081 4372 nieht.
